<?xml version="1.0" encoding="UTF-8"?><collection xmlns="http://www.loc.gov/MARC21/slim"><record><leader>00521nam--2200169-i-4500</leader><controlfield tag="001">000002220</controlfield><controlfield tag="002">20161230</controlfield><controlfield tag="005">20170103225008</controlfield><controlfield tag="008">060222s1000------------r-----000-0-eng-d</controlfield><datafield ind1=" " ind2=" " tag="040"><subfield code="a">IFIN-HH</subfield></datafield><datafield ind1=" " ind2=" " tag="080"><subfield code="a">538.9(061.3)</subfield></datafield><datafield ind1=" " ind2=" " tag="100"><subfield code="a">Fiala, J</subfield></datafield><datafield ind1="1" ind2="0" tag="245"><subfield code="a">Third international seminar on energy transfer in condensed matter</subfield><subfield code="b">Proceedings Prague, Czechoslovakia, June 29-July 2, 1976</subfield><subfield code="c">J. Fiala (ed.)</subfield></datafield><datafield ind1=" " ind2=" " tag="260"><subfield code="a">Praha</subfield><subfield code="b">Universita Karlova</subfield><subfield code="c">1978</subfield></datafield><datafield ind1=" " ind2=" " tag="300"><subfield code="a">307 p</subfield></datafield><datafield ind1=" " ind2=" " tag="852"><subfield code="a">70183</subfield><subfield code="c">539.2</subfield></datafield><datafield ind1=" " ind2=" " tag="CAT"><subfield code="a">SYS</subfield><subfield code="c">20170103</subfield><subfield code="h">225008</subfield></datafield></record></collection>